@BOOK{DUMMY:4,
	AUTHOR="John Doe",
	TITLE="The Book without Title",
	PUBLISHER="Dummy Publisher",
	YEAR="2100",
}

@BOOK{DUMMY:5,
	AUTHOR="John Doe",
	TITLE="The Book without Title",
	PUBLISHER="Dummy Publisher",
	YEAR="2100",
}

@BOOK{DUMMY:6,
	AUTHOR="John Doe",
	TITLE="The Book without Title",
	PUBLISHER="Dummy Publisher",
	YEAR="2100",
}